<?xml version="1.0" encoding="UTF-8"?>
  <record xmlns="http://www.loc.gov/MARC21/slim" type="Authority">
    <leader>00000nz  a2200000nc 4500</leader>
    <controlfield tag="001">118541870</controlfield>
    <controlfield tag="003">DE-101</controlfield>
    <controlfield tag="005">20220309170634.0</controlfield>
    <controlfield tag="008">880701n||azznnaabn           | aaa    |c</controlfield>
    <datafield tag="024" ind1="7" ind2=" ">
      <subfield code="a">118541870</subfield>
      <subfield code="0">http://d-nb.info/gnd/118541870</subfield>
      <subfield code="2">gnd</subfield>
    </datafield>
    <datafield tag="035" ind1=" " ind2=" ">
      <subfield code="a">(DE-101)118541870</subfield>
    </datafield>
    <datafield tag="035" ind1=" " ind2=" ">
      <subfield code="a">(DE-588)118541870</subfield>
    </datafield>
    <datafield tag="035" ind1=" " ind2=" ">
      <subfield code="z">(DE-588)186232411</subfield>
    </datafield>
    <datafield tag="035" ind1=" " ind2=" ">
      <subfield code="z">(DE-588a)186232411</subfield>
      <subfield code="9">v:zg</subfield>
    </datafield>
    <datafield tag="035" ind1=" " ind2=" ">
      <subfield code="z">(DE-588)188010203</subfield>
    </datafield>
    <datafield tag="035" ind1=" " ind2=" ">
      <subfield code="z">(DE-588a)188010203</subfield>
      <subfield code="9">v:zg</subfield>
    </datafield>
    <datafield tag="035" ind1=" " ind2=" ">
      <subfield code="z">(DE-588)172117739</subfield>
    </datafield>
    <datafield tag="035" ind1=" " ind2=" ">
      <subfield code="z">(DE-588a)172117739</subfield>
      <subfield code="9">v:zg</subfield>
    </datafield>
    <datafield tag="035" ind1=" " ind2=" ">
      <subfield code="z">(DE-588a)118541870</subfield>
      <subfield code="9">v:zg</subfield>
    </datafield>
    <datafield tag="035" ind1=" " ind2=" ">
      <subfield code="z">(DE-588c)4021943-4</subfield>
      <subfield code="9">v:zg</subfield>
    </datafield>
    <datafield tag="040" ind1=" " ind2=" ">
      <subfield code="a">DE-101</subfield>
      <subfield code="c">DE-101</subfield>
      <subfield code="9">r:DE-101</subfield>
      <subfield code="b">ger</subfield>
      <subfield code="d">9999</subfield>
      <subfield code="e">rda</subfield>
    </datafield>
    <datafield tag="042" ind1=" " ind2=" ">
      <subfield code="a">gnd1</subfield>
    </datafield>
    <datafield tag="043" ind1=" " ind2=" ">
      <subfield code="c">XA-VA</subfield>
      <subfield code="c">XA-IT</subfield>
    </datafield>
    <datafield tag="065" ind1=" " ind2=" ">
      <subfield code="a">3.6p</subfield>
      <subfield code="2">sswd</subfield>
    </datafield>
    <datafield tag="065" ind1=" " ind2=" ">
      <subfield code="a">16.5p</subfield>
      <subfield code="2">sswd</subfield>
    </datafield>
    <datafield tag="075" ind1=" " ind2=" ">
      <subfield code="b">p</subfield>
      <subfield code="2">gndgen</subfield>
    </datafield>
    <datafield tag="075" ind1=" " ind2=" ">
      <subfield code="b">piz</subfield>
      <subfield code="2">gndspec</subfield>
    </datafield>
    <datafield tag="079" ind1=" " ind2=" ">
      <subfield code="a">g</subfield>
      <subfield code="q">s</subfield>
      <subfield code="q">f</subfield>
      <subfield code="q">n</subfield>
      <subfield code="q">d</subfield>
      <subfield code="u">v</subfield>
      <subfield code="u">o</subfield>
      <subfield code="u">w</subfield>
    </datafield>
    <datafield tag="100" ind1="0" ind2=" ">
      <subfield code="a">Gregor</subfield>
      <subfield code="b">IX.</subfield>
      <subfield code="c">Papst</subfield>
      <subfield code="d">1170-1241</subfield>
    </datafield>
    <datafield tag="375" ind1=" " ind2=" ">
      <subfield code="a">1</subfield>
      <subfield code="2">iso5218</subfield>
    </datafield>
    <datafield tag="400" ind1="0" ind2=" ">
      <subfield code="a">Gregorius</subfield>
      <subfield code="b">IX.</subfield>
      <subfield code="c">Papst</subfield>
      <subfield code="d">1170-1241</subfield>
    </datafield>
    <datafield tag="400" ind1="0" ind2=" ">
      <subfield code="a">Gregorius</subfield>
      <subfield code="b">IX.</subfield>
      <subfield code="c">Papa</subfield>
      <subfield code="d">1170-1241</subfield>
    </datafield>
    <datafield tag="400" ind1="0" ind2=" ">
      <subfield code="a">Gre패goire</subfield>
      <subfield code="b">IX.</subfield>
      <subfield code="c">Pape</subfield>
      <subfield code="d">1170-1241</subfield>
    </datafield>
    <datafield tag="400" ind1="0" ind2=" ">
      <subfield code="a">Gregorio</subfield>
      <subfield code="b">IX.</subfield>
      <subfield code="c">Papa</subfield>
      <subfield code="d">1170-1241</subfield>
    </datafield>
    <datafield tag="400" ind1="0" ind2=" ">
      <subfield code="a">Gregory</subfield>
      <subfield code="b">IX.</subfield>
      <subfield code="c">Pope</subfield>
      <subfield code="d">1170-1241</subfield>
    </datafield>
    <datafield tag="400" ind1="0" ind2=" ">
      <subfield code="a">Grzegorz</subfield>
      <subfield code="b">IX.</subfield>
      <subfield code="c">Papst</subfield>
      <subfield code="d">1170-1241</subfield>
    </datafield>
    <datafield tag="400" ind1="0" ind2=" ">
      <subfield code="a">Gregorius</subfield>
      <subfield code="b">IX.</subfield>
      <subfield code="c">Pope</subfield>
      <subfield code="d">1170-1241</subfield>
      <subfield code="9">v:NUC pre 56</subfield>
    </datafield>
    <datafield tag="400" ind1="1" ind2=" ">
      <subfield code="a">Ostia, Ugolino</subfield>
      <subfield code="d">1170-1241</subfield>
    </datafield>
    <datafield tag="400" ind1="0" ind2=" ">
      <subfield code="a">Hugo</subfield>
      <subfield code="c">von Ostia</subfield>
      <subfield code="d">1170-1241</subfield>
    </datafield>
    <datafield tag="400" ind1="0" ind2=" ">
      <subfield code="a">Ugolino</subfield>
      <subfield code="c">Ostia, Espicopus</subfield>
      <subfield code="d">1170-1241</subfield>
    </datafield>
    <datafield tag="400" ind1="0" ind2=" ">
      <subfield code="a">Gregor</subfield>
      <subfield code="b">VIIII.</subfield>
      <subfield code="c">Papst</subfield>
      <subfield code="d">1170-1241</subfield>
    </datafield>
    <datafield tag="400" ind1="0" ind2=" ">
      <subfield code="a">Ugolino</subfield>
      <subfield code="d">1170-1241</subfield>
    </datafield>
    <datafield tag="400" ind1="1" ind2=" ">
      <subfield code="a">Segni, Ugolino</subfield>
      <subfield code="c">Graf von</subfield>
      <subfield code="d">1170-1241</subfield>
    </datafield>
    <datafield tag="400" ind1="1" ind2=" ">
      <subfield code="a">Di Segni, Ugolino</subfield>
      <subfield code="d">1170-1241</subfield>
      <subfield code="9">v:4ELRAKm</subfield>
    </datafield>
    <datafield tag="400" ind1="1" ind2=" ">
      <subfield code="a">DiSegni, Ugolino</subfield>
      <subfield code="d">1170-1241</subfield>
      <subfield code="9">v:RAK alt</subfield>
    </datafield>
    <datafield tag="400" ind1="0" ind2=" ">
      <subfield code="a">Gre패goire</subfield>
      <subfield code="b">VIIII.</subfield>
      <subfield code="c">Pape</subfield>
      <subfield code="d">1170-1241</subfield>
    </datafield>
    <datafield tag="400" ind1="0" ind2=" ">
      <subfield code="a">Gregorio</subfield>
      <subfield code="b">VIIII.</subfield>
      <subfield code="c">Papa</subfield>
      <subfield code="d">1170-1241</subfield>
    </datafield>
    <datafield tag="400" ind1="0" ind2=" ">
      <subfield code="a">Gregory</subfield>
      <subfield code="b">VIIII.</subfield>
      <subfield code="c">Pope</subfield>
      <subfield code="d">1170-1241</subfield>
    </datafield>
    <datafield tag="400" ind1="0" ind2=" ">
      <subfield code="a">Ugolino</subfield>
      <subfield code="c">d'Ostia</subfield>
      <subfield code="d">1170-1241</subfield>
    </datafield>
    <datafield tag="400" ind1="0" ind2=" ">
      <subfield code="a">Hugo</subfield>
      <subfield code="c">von Segni</subfield>
      <subfield code="d">1170-1241</subfield>
    </datafield>
    <datafield tag="400" ind1="0" ind2=" ">
      <subfield code="a">Hugues</subfield>
      <subfield code="c">de Segni</subfield>
      <subfield code="d">1170-1241</subfield>
    </datafield>
    <datafield tag="400" ind1="0" ind2=" ">
      <subfield code="a">Hugolin</subfield>
      <subfield code="c">de'Conti</subfield>
      <subfield code="d">1170-1241</subfield>
    </datafield>
    <datafield tag="400" ind1="0" ind2=" ">
      <subfield code="a">Hugolin</subfield>
      <subfield code="c">de Segni</subfield>
      <subfield code="d">1170-1241</subfield>
    </datafield>
    <datafield tag="400" ind1="0" ind2=" ">
      <subfield code="a">Hugolinus</subfield>
      <subfield code="c">Segni</subfield>
      <subfield code="d">1170-1241</subfield>
    </datafield>
    <datafield tag="400" ind1="1" ind2=" ">
      <subfield code="a">Ostia, Ugolino &#152;d'&#156;</subfield>
      <subfield code="d">1170-1241</subfield>
    </datafield>
    <datafield tag="400" ind1="1" ind2=" ">
      <subfield code="a">Segni, Ugolino &#152;von&#156;</subfield>
      <subfield code="d">1170-1241</subfield>
    </datafield>
    <datafield tag="400" ind1="1" ind2=" ">
      <subfield code="a">Segni, Ugolino &#152;di&#156;</subfield>
      <subfield code="d">1170-1241</subfield>
    </datafield>
    <datafield tag="400" ind1="0" ind2=" ">
      <subfield code="a">Gregorius</subfield>
      <subfield code="b">VIIII.</subfield>
      <subfield code="c">Papa</subfield>
      <subfield code="d">1170-1241</subfield>
    </datafield>
    <datafield tag="400" ind1="0" ind2=" ">
      <subfield code="a">Gregory</subfield>
      <subfield code="b">IX.</subfield>
      <subfield code="c">Papst</subfield>
      <subfield code="d">1170-1241</subfield>
    </datafield>
    <datafield tag="400" ind1="0" ind2=" ">
      <subfield code="a">Ugolino</subfield>
      <subfield code="c">Segni</subfield>
      <subfield code="d">1170-1241</subfield>
    </datafield>
    <datafield tag="400" ind1="0" ind2=" ">
      <subfield code="a">Gregory</subfield>
      <subfield code="b">IX.</subfield>
      <subfield code="c">Pope</subfield>
      <subfield code="d">1170-1241</subfield>
    </datafield>
    <datafield tag="400" ind1="0" ind2=" ">
      <subfield code="a">Gregorius</subfield>
      <subfield code="b">IX.</subfield>
      <subfield code="c">Papa</subfield>
      <subfield code="d">1170-1241</subfield>
    </datafield>
    <datafield tag="400" ind1="0" ind2=" ">
      <subfield code="a">Hugolino</subfield>
      <subfield code="c">of Segni</subfield>
      <subfield code="d">1170-1241</subfield>
    </datafield>
    <datafield tag="400" ind1="0" ind2=" ">
      <subfield code="a">Gre패goire</subfield>
      <subfield code="b">IX.</subfield>
      <subfield code="c">Papst</subfield>
      <subfield code="d">1170-1241</subfield>
    </datafield>
    <datafield tag="400" ind1="0" ind2=" ">
      <subfield code="a">Gregorio</subfield>
      <subfield code="b">IX.</subfield>
      <subfield code="c">Papst</subfield>
      <subfield code="d">1170-1241</subfield>
    </datafield>
    <datafield tag="400" ind1="0" ind2=" ">
      <subfield code="a">Gre패goire</subfield>
      <subfield code="b">IX.</subfield>
      <subfield code="c">Pape</subfield>
      <subfield code="d">1170-1241</subfield>
    </datafield>
    <datafield tag="400" ind1="0" ind2=" ">
      <subfield code="a">Gregorius</subfield>
      <subfield code="b">IX.</subfield>
      <subfield code="c">Papst</subfield>
      <subfield code="d">1170-1241</subfield>
    </datafield>
    <datafield tag="400" ind1="0" ind2=" ">
      <subfield code="a">Gregor</subfield>
      <subfield code="b">IX.</subfield>
      <subfield code="c">Papst</subfield>
      <subfield code="d">1170-1241</subfield>
    </datafield>
    <datafield tag="400" ind1="0" ind2=" ">
      <subfield code="a">Hugolino</subfield>
      <subfield code="c">von Segni</subfield>
      <subfield code="d">1170-1241</subfield>
    </datafield>
    <datafield tag="400" ind1="0" ind2=" ">
      <subfield code="a">Gregorius</subfield>
      <subfield code="b">9</subfield>
      <subfield code="c">Papa</subfield>
      <subfield code="d">1170-1241</subfield>
    </datafield>
    <datafield tag="400" ind1="0" ind2=" ">
      <subfield code="a">Gregorius</subfield>
      <subfield code="b">9</subfield>
      <subfield code="c">Papst</subfield>
      <subfield code="d">1170-1241</subfield>
    </datafield>
    <datafield tag="400" ind1="0" ind2=" ">
      <subfield code="a">Gregorius</subfield>
      <subfield code="c">Nonus</subfield>
      <subfield code="d">1170-1241</subfield>
    </datafield>
    <datafield tag="400" ind1="1" ind2=" ">
      <subfield code="a">Conti di Segni, Ugolino &#152;dei&#156;</subfield>
      <subfield code="d">1170-1241</subfield>
    </datafield>
    <datafield tag="400" ind1="0" ind2=" ">
      <subfield code="a">Gregorius</subfield>
      <subfield code="b">VIIII.</subfield>
      <subfield code="c">Pontifex Maximus</subfield>
      <subfield code="d">1170-1241</subfield>
    </datafield>
    <datafield tag="400" ind1="0" ind2=" ">
      <subfield code="a">Hugolin</subfield>
      <subfield code="c">de Conti</subfield>
      <subfield code="d">1170-1241</subfield>
    </datafield>
    <datafield tag="400" ind1="0" ind2=" ">
      <subfield code="a">Gregorius</subfield>
      <subfield code="b">IX.</subfield>
      <subfield code="c">Pontifex Romanus</subfield>
      <subfield code="d">1170-1241</subfield>
    </datafield>
    <datafield tag="548" ind1=" " ind2=" ">
      <subfield code="a">1170-1241</subfield>
      <subfield code="4">datl</subfield>
      <subfield code="4">https://d-nb.info/standards/elementset/gnd#dateOfBirthAndDeath</subfield>
      <subfield code="w">r</subfield>
      <subfield code="i">Lebensdaten</subfield>
      <subfield code="9">v:Geburtsjahr ca., auch 1147, bzw. 1167</subfield>
    </datafield>
    <datafield tag="550" ind1=" " ind2=" ">
      <subfield code="0">(DE-101)040445615</subfield>
      <subfield code="0">(DE-588)4044561-6</subfield>
      <subfield code="0">https://d-nb.info/gnd/4044561-6</subfield>
      <subfield code="a">Papst</subfield>
      <subfield code="4">berc</subfield>
      <subfield code="4">https://d-nb.info/standards/elementset/gnd#professionOrOccupation</subfield>
      <subfield code="w">r</subfield>
      <subfield code="i">Charakteristischer Beruf</subfield>
    </datafield>
    <datafield tag="551" ind1=" " ind2=" ">
      <subfield code="0">(DE-101)040797627</subfield>
      <subfield code="0">(DE-588)4079762-4</subfield>
      <subfield code="0">https://d-nb.info/gnd/4079762-4</subfield>
      <subfield code="a">Anagni</subfield>
      <subfield code="4">ortg</subfield>
      <subfield code="4">https://d-nb.info/standards/elementset/gnd#placeOfBirth</subfield>
      <subfield code="w">r</subfield>
      <subfield code="i">Geburtsort</subfield>
    </datafield>
    <datafield tag="551" ind1=" " ind2=" ">
      <subfield code="0">(DE-101)040504719</subfield>
      <subfield code="0">(DE-588)4050471-2</subfield>
      <subfield code="0">https://d-nb.info/gnd/4050471-2</subfield>
      <subfield code="a">Rom</subfield>
      <subfield code="4">orts</subfield>
      <subfield code="4">https://d-nb.info/standards/elementset/gnd#placeOfDeath</subfield>
      <subfield code="w">r</subfield>
      <subfield code="i">Sterbeort</subfield>
    </datafield>
    <datafield tag="667" ind1=" " ind2=" ">
      <subfield code="a">12-PMA</subfield>
    </datafield>
    <datafield tag="667" ind1=" " ind2=" ">
      <subfield code="a">384</subfield>
    </datafield>
    <datafield tag="667" ind1=" " ind2=" ">
      <subfield code="a">7</subfield>
    </datafield>
    <datafield tag="667" ind1=" " ind2=" ">
      <subfield code="a">VD-17</subfield>
    </datafield>
    <datafield tag="670" ind1=" " ind2=" ">
      <subfield code="a">CSGL</subfield>
    </datafield>
    <datafield tag="670" ind1=" " ind2=" ">
      <subfield code="a">M</subfield>
    </datafield>
    <datafield tag="670" ind1=" " ind2=" ">
      <subfield code="a">B 1986</subfield>
    </datafield>
    <datafield tag="670" ind1=" " ind2=" ">
      <subfield code="a">B Wissen</subfield>
    </datafield>
    <datafield tag="670" ind1=" " ind2=" ">
      <subfield code="a">Wikipedia</subfield>
      <subfield code="u">http://de.wikipedia.org/wiki/Gregor%5FIX.</subfield>
    </datafield>
    <datafield tag="672" ind1=" " ind2="0">
      <subfield code="a">Vossius, Gerardus J.: Gregorii Papae noni gesta quaedam insignia</subfield>
      <subfield code="f">1587</subfield>
    </datafield>
    <datafield tag="672" ind1=" " ind2="0">
      <subfield code="a">Registri</subfield>
      <subfield code="f">1890</subfield>
    </datafield>
    <datafield tag="672" ind1=" " ind2="0">
      <subfield code="a">Nova Compilatio Decretalium</subfield>
      <subfield code="f">1478</subfield>
    </datafield>
    <datafield tag="672" ind1=" " ind2="0">
      <subfield code="a">Nova Compilatio Decretalium</subfield>
      <subfield code="f">1479</subfield>
    </datafield>
    <datafield tag="672" ind1=" " ind2="0">
      <subfield code="a">Nova Compilatio Decretalium</subfield>
      <subfield code="f">1482</subfield>
    </datafield>
    <datafield tag="672" ind1=" " ind2="0">
      <subfield code="a">Compilatio Decretalium Gregorii IX</subfield>
      <subfield code="f">1479</subfield>
    </datafield>
    <datafield tag="672" ind1=" " ind2="0">
      <subfield code="a">Compilatio Decretalium Gregorii IX</subfield>
      <subfield code="f">1481</subfield>
    </datafield>
    <datafield tag="672" ind1=" " ind2="0">
      <subfield code="a">Epistolae decretales summorum pontificum</subfield>
      <subfield code="f">1570</subfield>
    </datafield>
    <datafield tag="672" ind1=" " ind2="0">
      <subfield code="a">Epistolae decretales Gregorii Papae IX</subfield>
      <subfield code="f">1590</subfield>
    </datafield>
    <datafield tag="672" ind1=" " ind2="0">
      <subfield code="a">Decretales epistolae Gregorii noni Pontificis maximi</subfield>
      <subfield code="f">1541</subfield>
    </datafield>
    <datafield tag="672" ind1=" " ind2="0">
      <subfield code="a">Commentaria Perpetua In singulos Textus quinque Librorum Decretalium Gregorii IX</subfield>
      <subfield code="f">1690</subfield>
    </datafield>
    <datafield tag="678" ind1=" " ind2=" ">
      <subfield code="b">Papst ab 1227, vorher Graf von Segni, Kardinalbischof von Ostia</subfield>
    </datafield>
    <datafield tag="700" ind1="0" ind2="7">
      <subfield code="a">Gregory</subfield>
      <subfield code="c">IX, Pope</subfield>
      <subfield code="d">1170-1241</subfield>
      <subfield code="0">(DLC)n 84101535</subfield>
      <subfield code="2">naf</subfield>
      <subfield code="9">v:ca. 1170-1241.</subfield>
    </datafield>
    <datafield tag="913" ind1=" " ind2=" ">
      <subfield code="S">pnd</subfield>
      <subfield code="i">5</subfield>
      <subfield code="a">Gregorius &lt;Papa, VIIII.&gt;</subfield>
      <subfield code="0">(DE-588a)118541870</subfield>
    </datafield>
    <datafield tag="913" ind1=" " ind2=" ">
      <subfield code="S">pnd</subfield>
      <subfield code="i">5</subfield>
      <subfield code="a">Gregor &lt;Papst, VIIII.&gt;</subfield>
      <subfield code="0">(DE-588a)118541870</subfield>
    </datafield>
    <datafield tag="913" ind1=" " ind2=" ">
      <subfield code="S">pnd</subfield>
      <subfield code="i">5</subfield>
      <subfield code="a">Gregorius &lt;Papa, VIIII.&gt;</subfield>
      <subfield code="0">(DE-588a)172117739</subfield>
    </datafield>
    <datafield tag="913" ind1=" " ind2=" ">
      <subfield code="S">pnd</subfield>
      <subfield code="i">5</subfield>
      <subfield code="a">Gregorius &lt;Papa, Ix.&gt;</subfield>
      <subfield code="0">(DE-588a)188010203</subfield>
    </datafield>
    <datafield tag="913" ind1=" " ind2=" ">
      <subfield code="S">pnd</subfield>
      <subfield code="i">5</subfield>
      <subfield code="a">Gregorius &lt;Papa, Viiii.&gt;</subfield>
      <subfield code="0">(DE-588a)186232411</subfield>
    </datafield>
  </record>
